 This file was created with JabRef 2.8.1.
 Encoding: GBK

@ARTICLE{bowman:reasoning,
  author = {Mic Bowman and Saumya K. Debray and Larry L. Peterson},
  title = {Reasoning About Naming Systems},
  journal = {ACM Trans. Program. Lang. Syst.},
  year = {1993},
  volume = {15},
  pages = {795-825},
  number = {5},
  month = {November}
}

@ARTICLE{braams:babel,
  author = {Johannes Braams},
  title = {Babel, a Multilingual Style-Option System for Use with LaTeX's Standard
	Document Styles},
  journal = {TUGboat},
  year = {1991},
  volume = {12},
  pages = {291-301},
  number = {2},
  month = {June}
}

@INPROCEEDINGS{clark:pct,
  author = {Malcolm Clark},
  title = {Post Congress Tristesse},
  booktitle = {TeX90 Conference Proceedings},
  year = {1991},
  pages = {84-89},
  month = {March},
  organization = {TeX Users Group}
}

@ARTICLE{herlihy:methodology,
  author = {Maurice Herlihy},
  title = {A Methodology for Implementing Highly Concurrent Data Objects},
  journal = {ACM Trans. Program. Lang. Syst.},
  year = {1993},
  volume = {15},
  pages = {745-770},
  number = {5},
  month = {November}
}

@BOOK{Lamport:LaTeX,
  title = {LaTeX User's Guide and Document Reference Manual},
  publisher = {Addison-Wesley Publishing Company},
  year = {1986},
  author = {Leslie Lamport},
  address = {Reading, Massachusetts}
}

@ARTICLE{herlihy:methodology,
  author = {Maurice Herlihy},
  title = {A Methodology for Implementing Highly Concurrent Data Objects},
  journal = {ACM Trans. Program. Lang. Syst.},
  year = {1993},
  volume = {15},
  pages = {745-770},
  number = {5},
  month = {November}
}

@BOOK{Lamport:LaTeX,
  title = {LaTeX User's Guide and Document Reference Manual},
  publisher = {Addison-Wesley Publishing Company},
  year = {1986},
  author = {Leslie Lamport},
  address = {Reading, Massachusetts}
}


@INPROCEEDINGS{qureshi2007adaptive,
  author = {Qureshi, Moinuddin K and Jaleel, Aamer and Patt, Yale N and Steely,Simon C and Emer, Joel},
  title = {Adaptive insertion policies for high performance caching},
  booktitle = {ACM SIGARCH Computer Architecture News},
  year = {2007},
  volume = {35},
  number = {2},
  pages = {381--391},
  organization = {ACM}
}

@BOOK{salas:calculus,
  title = {Calculus: One and Several Variable},
  publisher = {John Wiley and Sons},
  year = {1978},
  author = {S.L. Salas and Einar Hille},
  address = {New York}
}

@article{bao2008hmtt,
  title={HMTT: a platform independent full-system memory trace monitoring system},
  author={Bao, Yungang and Chen, Mingyu and Ruan, Yuan and Liu, Li and Fan, Jianping and Yuan, Qingbo and Song, Bo and Xu, Jianwei},
  journal={ACM SIGMETRICS Performance Evaluation Review},
  volume={36},
  number={1},
  pages={229--240},
  year={2008},
  publisher={ACM}
}

@inproceedings{chen2014cmd,
  title={CMD: classification-based memory deduplication through page access characteristics},
  author={Chen, Licheng and Wei, Zhipeng and Cui, Zehan and Chen, Mingyu and Pan, Haiyang and Bao, Yungang},
  booktitle={Proceedings of the 10th ACM SIGPLAN/SIGOPS international conference on Virtual execution environments},
  pages={65--76},
  year={2014},
  organization={ACM}
}

@MISC{sandybridgehash,
  author = {Henry Wong},
  title = {Intel Ivy Bridge Cache Replacement Policy},
  howpublished = {http://blog.stuffedcow.net/2013/01/ivb-cache-replacement/},
  %month = {1},
  year = {2013},
  owner = {weizhipeng},
  timestamp = {2014.12.16}
}

@inproceedings{ding2011ulcc,
  title={ULCC: a user-level facility for optimizing shared cache performance on multicores},
  author={Ding, Xiaoning and Wang, Kaibo and Zhang, Xiaodong},
  booktitle={ACM SIGPLAN Notices},
  volume={46},
  number={8},
  pages={103--112},
  year={2011},
  organization={ACM}

